@book{kimball2013data,
  title={The Data Warehouse Toolkit: The Definitive Guide to Dimensional Modeling},
  author={Kimball, Ralph and Ross, Margy},
  year={2013},
  publisher={John Wiley \& Sons},
  edition={3rd},
  isbn={9781118530801}
}

@book{kleppmann2017designing,
  title={Designing Data-Intensive Applications: The Big Ideas Behind Reliable, Scalable, and Maintainable Systems},
  author={Kleppmann, Martin},
  year={2017},
  publisher={O'Reilly Media},
  isbn={9781449373320}
}

@book{newman2015building,
  title={Building Microservices: Designing Fine-Grained Systems},
  author={Newman, Sam},
  year={2015},
  publisher={O'Reilly Media},
  isbn={9781491950357}
}

@book{fowler2018refactoring,
  title={Refactoring: Improving the Design of Existing Code},
  author={Fowler, Martin},
  year={2018},
  publisher={Addison-Wesley Professional},
  edition={2nd},
  isbn={9780134757599}
}

@book{burns2019kubernetes,
  title={Kubernetes: Up and Running: Dive into the Future of Infrastructure},
  author={Burns, Brendan and Beda, Joe and Hightower, Kelsey},
  year={2019},
  publisher={O'Reilly Media},
  edition={2nd},
  isbn={9781492046530}
}

@book{humble2010continuous,
  title={Continuous Delivery: Reliable Software Releases through Build, Test, and Deployment Automation},
  author={Humble, Jez and Farley, David},
  year={2010},
  publisher={Addison-Wesley Professional},
  isbn={9780321601919}
}

@article{chen2014big,
  title={Big data: A survey},
  author={Chen, Min and Mao, Shiwen and Liu, Yunhao},
  journal={Mobile networks and applications},
  volume={19},
  number={2},
  pages={171--209},
  year={2014},
  publisher={Springer}
}

@article{dean2008mapreduce,
  title={MapReduce: simplified data processing on large clusters},
  author={Dean, Jeffrey and Ghemawat, Sanjay},
  journal={Communications of the ACM},
  volume={51},
  number={1},
  pages={107--113},
  year={2008},
  publisher={ACM}
}

@inproceedings{zaharia2010spark,
  title={Spark: Cluster computing with working sets},
  author={Zaharia, Matei and Chowdhury, Mosharaf and Franklin, Michael J and Shenker, Scott and Stoica, Ion},
  booktitle={Proceedings of the 2nd USENIX conference on Hot topics in cloud computing},
  pages={10--10},
  year={2010}
}

@article{kreps2011kafka,
  title={Kafka: a distributed messaging system for log processing},
  author={Kreps, Jay and Narkhede, Neha and Rao, Jun and others},
  journal={Proceedings of the NetDB},
  volume={11},
  pages={1--7},
  year={2011}
}

@book{silberschatz2019database,
  title={Database System Concepts},
  author={Silberschatz, Abraham and Galvin, Peter Baer and Gagne, Greg},
  year={2019},
  publisher={McGraw-Hill Education},
  edition={7th},
  isbn={9780078022159}
}

@book{redmond2012seven,
  title={Seven Databases in Seven Weeks: A Guide to Modern Databases and the NoSQL Movement},
  author={Redmond, Eric and Wilson, Jim R},
  year={2012},
  publisher={Pragmatic Bookshelf},
  isbn={9781934356920}
}

@article{cattell2011scalable,
  title={Scalable SQL and NoSQL data stores},
  author={Cattell, Rick},
  journal={ACM SIGMOD Record},
  volume={39},
  number={4},
  pages={12--27},
  year={2011},
  publisher={ACM}
}

@book{gamma1995design,
  title={Design patterns: elements of reusable object-oriented software},
  author={Gamma, Erich and Helm, Richard and Johnson, Ralph and Vlissides, John},
  year={1995},
  publisher={Addison-Wesley Professional},
  isbn={9780201633610}
}

@book{martin2017clean,
  title={Clean Architecture: A Craftsman's Guide to Software Structure and Design},
  author={Martin, Robert C},
  year={2017},
  publisher={Prentice Hall},
  isbn={9780134494166}
}

@article{fielding2000architectural,
  title={Architectural styles and the design of network-based software architectures},
  author={Fielding, Roy Thomas},
  year={2000},
  publisher={University of California, Irvine}
}

@book{evans2003domain,
  title={Domain-driven design: tackling complexity in the heart of software},
  author={Evans, Eric},
  year={2003},
  publisher={Addison-Wesley Professional},
  isbn={9780321125217}
}

@book{richardson2018microservices,
  title={Microservices Patterns: With examples in Java},
  author={Richardson, Chris},
  year={2018},
  publisher={Manning Publications},
  isbn={9781617294549}
}

@article{brewer2000towards,
  title={Towards robust distributed systems},
  author={Brewer, Eric A},
  journal={PODC},
  volume={7},
  pages={343477},
  year={2000}
}

@book{tanenbaum2016distributed,
  title={Distributed systems: principles and paradigms},
  author={Tanenbaum, Andrew S and Van Steen, Maarten},
  year={2016},
  publisher={Prentice-Hall},
  edition={3rd},
  isbn={9780132392273}
}

@book{lane2016continuous,
  title={Continuous API Management: Making the Right Decisions in an Evolving Landscape},
  author={Lane, Kin and Dret, Erik Wilde and Lagerstrom, Ronnie and Jacobson, Dan},
  year={2016},
  publisher={O'Reilly Media},
  isbn={9781491956038}
}
